%YAML 1.1
%TAG !u! tag:unity3d.com,2011:
--- !u!1001 &100100000
Prefab:
  m_ObjectHideFlags: 1
  serializedVersion: 2
  m_Modification:
    m_TransformParent: {fileID: 0}
    m_Modifications: []
    m_RemovedComponents: []
  m_ParentPrefab: {fileID: 0}
  m_RootGameObject: {fileID: 1918680858447770}
  m_IsPrefabParent: 1
--- !u!1 &1918680858447770
GameObject:
  m_ObjectHideFlags: 0
  m_PrefabParentObject: {fileID: 0}
  m_PrefabInternal: {fileID: 100100000}
  serializedVersion: 5
  m_Component:
  - component: {fileID: 224632778777688442}
  - component: {fileID: 222041067492021454}
  - component: {fileID: 114501767297774024}
  m_Layer: 5
  m_Name: LevelNumber (1)
  m_TagString: Untagged
  m_Icon: {fileID: 0}
  m_NavMeshLayer: 0
  m_StaticEditorFlags: 0
  m_IsActive: 1
--- !u!114 &114501767297774024
MonoBehaviour:
  m_ObjectHideFlags: 1
  m_PrefabParentObject: {fileID: 0}
  m_PrefabInternal: {fileID: 100100000}
  m_GameObject: {fileID: 1918680858447770}
  m_Enabled: 1
  m_EditorHideFlags: 0
  m_Script: {fileID: 708705254, guid: f70555f144d8491a825f0804e09c671c, type: 3}
  m_Name: 
  m_EditorClassIdentifier: 
  m_Material: {fileID: 0}
  m_Color: {r: 1, g: 1, b: 1, a: 1}
  m_RaycastTarget: 1
  m_OnCullStateChanged:
    m_PersistentCalls:
      m_Calls: []
    m_TypeName: UnityEngine.UI.MaskableGraphic+CullStateChangedEvent, UnityEngine.UI,
      Version=1.0.0.0, Culture=neutral, PublicKeyToken=null
  m_FontData:
    m_Font: {fileID: 12800000, guid: e2e12040567f15841b2f2fde7b59b160, type: 2}
    m_FontSize: 1
    m_FontStyle: 0
    m_BestFit: 0
    m_MinSize: 0
    m_MaxSize: 40
    m_Alignment: 0
    m_AlignByGeometry: 0
    m_RichText: 0
    m_HorizontalOverflow: 0
    m_VerticalOverflow: 0
    m_LineSpacing: 1
  m_Text: "ABCDEFGHIJKLMNOPQRSTUVWXYZ\nabcdefghijklmnopqrstuvwxyz\n0123456789\n,.;:?!-_~#\"'\n&()[]|`\\/@\xB0+=*$\xA3\u20AC<
    \n0^1^2^3^4^5^6^7^8^9^                       \nWe did it Nick! \n\nThe quick,
    brown fox jumps over a lazy dog. DJs flock by when MTV ax quiz prog. Junk MTV
    quiz graced by fox whelps. Bawds jog, flick quartz, vex nymphs. Waltz, bad nymph,
    for quick jigs vex! Fox nymph\n\nNNNN\nVVVV\nVVVV\nWWWW\naaaa\nbbb\n     \n"
--- !u!222 &222041067492021454
CanvasRenderer:
  m_ObjectHideFlags: 1
  m_PrefabParentObject: {fileID: 0}
  m_PrefabInternal: {fileID: 100100000}
  m_GameObject: {fileID: 1918680858447770}
--- !u!224 &224632778777688442
RectTransform:
  m_ObjectHideFlags: 1
  m_PrefabParentObject: {fileID: 0}
  m_PrefabInternal: {fileID: 100100000}
  m_GameObject: {fileID: 1918680858447770}
  m_LocalRotation: {x: -0, y: -0, z: -0, w: 1}
  m_LocalPosition: {x: 0, y: 0, z: 0}
  m_LocalScale: {x: 0.84999996, y: 0.8750301, z: 1}
  m_Children: []
  m_Father: {fileID: 0}
  m_RootOrder: 0
  m_LocalEulerAnglesHint: {x: 0, y: 0, z: 0}
  m_AnchorMin: {x: 0.5, y: 0.5}
  m_AnchorMax: {x: 0.5, y: 0.5}
  m_AnchoredPosition: {x: 3131, y: 343}
  m_SizeDelta: {x: 3289, y: 2758}
  m_Pivot: {x: 0.5, y: 0.5}
